% This file was created with JabRef 2.10.
% Encoding: Cp1252


@Electronic{ordnet_pensionist,
  Title                    = {pensionist},
  Author                   = {{Den Danske Ordborg}},
  Language                 = {Dansk},
  Month                    = {Oktober},
  Organization             = {{Den Danske Ordbog}},
  Url                      = {http://ordnet.dk/ddo/ordbog?query=pensionist},
  Year                     = {2015},

  Owner                    = {Rasmus},
  Timestamp                = {2015.10.05}
}

